%% This BibTeX bibliography file was created using BibDesk.
%% http://bibdesk.sourceforge.net/


%% Created for Daniel Gilgen at 2014-03-10 18:34:08 +0100 


%% Saved with string encoding Unicode (UTF-8) 



@misc{ST:Malmberg,
	Author = {Erik Hampus Malmberg},
	Date-Added = {2014-03-10 17:22:05 +0000},
	Date-Modified = {2014-03-10 17:33:54 +0000},
	Howpublished = {ISI, ETH Zurich},
	School = {ISI, ETH Zurich},
	Title = {Kalman Filter-Based Phase-Locked Loops for Harmonic Signals. Semester Thesis},
	Year = {2013}}

@book{SIP,
	Abstract = {Lecture Notes.},
	Author = {H.-A. Loeliger},
	Date-Added = {2014-03-10 17:03:47 +0000},
	Date-Modified = {2014-03-10 17:28:05 +0000},
	Publisher = {Signal and Information Processing Laboratory, ETH Zurich},
	Title = {Signal and Information Processing: Modeling, Filtering, Learning},
	Year = {2013}}
