@ARTICLE{loeliger2007,
 	 author =	 {Loeliger, H.-A. and Dauwels, J. and Junli Hu and Korl, S. and
                  Li Ping and Kschischang, F. R.},
  	title =	 {The Factor Graph Approach to Model-Based Signal Processing},
  	journal =	 IEEE_J_PROC,
  	year =	 {2007},
  	volume =	 {95},
  	pages =	 {1295--1322},
  	number =	 {6}
}

@MISC{ST:Malmberg,
	Author = {Erik Hampus Malmberg},
	Date-Added = {2014-03-10 17:22:05 +0000},
	Date-Modified = {2014-03-10 17:33:54 +0000},
	Howpublished = {ISI, ETH Zurich},
	School = {ISI, ETH Zurich},
	Title = {Kalman Filter-Based Phase-Locked Loops for Harmonic Signals. Semester Thesis},
	Year = {2013}
}

@BOOK{SIP,
	Abstract = {Lecture Notes.},
	Author = {H.-A. Loeliger},
	Date-Added = {2014-03-10 17:03:47 +0000},
	Date-Modified = {2014-03-10 17:28:05 +0000},
	Publisher = {Signal and Information Processing Laboratory, ETH Zurich},
	Title = {Signal and Information Processing: Modeling, Filtering, Learning},
	Year = {2013}
}